@book{Pezze2008,
    author = {Pezze, Mauro and Young, Michal},
    isbn = {9780471455936},
    publisher = {John Wiley {\&} Sons},
    title = {{Software Testing and Analysis: Process, Principles and Techniques}},
    year = {2008}
}
@book{russell2016artificial,
  title={Artificial Intelligence: a modern approach},
  author={Russell, Stuart J. and Norvig, Peter},
  edition={3},
  year={2009},
  publisher={Pearson}
}

